@article{parameters,
	author = {Y. Bengio},
	title = {Practical Recommendations for Gradient-Based Training of Deep Architectures},	
	date = {2012-09-16},
	url = {https://arxiv.org/pdf/1206.5533v2.pdf}
}


@article{randomsearch,
	author = {J. Bergstra, Y.Bengio},
	title = {Random search for hyper-parameter optimization},
	journaltitle = {Journal of Machine Learning Research},
	year = {2012},
	url = {http://www.jmlr.org/papers/volume13/bergstra12a/bergstra12a.pdf}
}

@article{neat,
	author = {K. Stanley, R. Miikkulainen},
	title = {Evolving Neural Networks through Augmenting Topologies},
	year = {2002},
	organization = { Massachusetts Institute of Technology},
	url = {http://nn.cs.utexas.edu/downloads/papers/stanley.ec02.pdf}
}

@article{mnist_data,
	author = {Y. LeCun, C. Cortes, C. Burges},
	title = {THE MNIST DATABASE of handwritten digits},
	year = {1998},
	url = {http://yann.lecun.com/exdb/mnist/}
}

@article{exact,
	author = {T. Desell},
	title = {Large Scale Evolution of Convolutional Neural Networks Using Volunteer Computing},
	year = {2017},
	organization = {University of North Dakota},
	url = {https://arxiv.org/pdf/1703.05422.pdf}
}

@article{convoneat,
	author = {Y. Sun, B. Xue, M. Zhang and G. Yen},
	title = {Evolving Deep Convolutional Neural Networks for Image Classification},
	year = {2019},
	url = {https://arxiv.org/pdf/1710.10741.pdf}
}

@proceedings{sus,
	author = {J. Baker},
	title = {Reducing Bias and Inefficiency in the Selection Algorithm},
	organization = {International Conference on Genetic Algorithms and their Application},
	year = {1987},
}

@article{kmeans,
	author = {S. Lloyd},
	title = {Least square quantization in PCM},
	journal = {Bell Telephone Laboratories Paper},
	year = {1957}
}

@article{textbook,
	author = {M. Nielsen},
	title = {Neural Networks and Deep Learning},
	year = {2019},
	url = {http://neuralnetworksanddeeplearning.com/chap1.html}
}

@article{convo,
	author = {P. Pr√∂ve},
	title = {An Introduction to different Types of Convolutions in Deep Learning},
	journal = {Towards Data Science},
	year = {2017},
	url = {https://towardsdatascience.com/types-of-convolutions-in-deep-learning-717013397f4d}
}